Record 1
LDR  00978dQT^a2200265^a^4500
001  SBXL001812015
005  20020823110659.0
008  950928s1995    stk      b    000 0 eng d
010       $a gb 96064282 
015       $a GB96-64282
020       $a 0852614675
035  9    $a (SBN)AJZ1023
040       $a LRU $c LRU $d UKM
100  1    $a Freeman, E. J.
246  30   $a Cyrano de Bergerac
246  14   $a Rostand, Cyrano de Bergerac
260       $a Glasgow, Scotland : $b University of Glasgow French and German Publications, $c 1995.
300       $a 76 p. ; $c 21 cm.
490  1    $a Glasgow introductory guides to French literature ; $v 34
500       $a SBXL: DELETE REC; HAS NO 245 UNKNOWN LOC, BAD BIBLEVEL BAD TYPE; DON'T CREATE 998.
600  10   $a Rostand, Edmond, $d 1868-1918. $t Cyrano de Bergerac.
600  14   $a Rostand, Edmond, $d 1868-1918. $t Cyrano de Bergerac.
830   0   $a Glasgow introductory guides to French literature ; $v 34
852       $a SBXL $b MOTHRAx $h PQ2635.O7 $i C9234 1995 $n us
901       $a SBXL $b 001812015

Record 2
