LDR  01487dam^a2200301^a^4500
001  SBXL001812018
005  20020823110659.0
008  941212s1995    ctu      b    001 0 eng  
010       $a    94046927 
020       $a 0313295700 (alk. paper)
035  9    $a (SBN)AJZ1026
040       $a DLC $c DLC $d DLC $d OrLoB-B
043       $a n-us--- $a e-ur---
050  00   $a E183.8.S65 $b S33 1995
082  00   $a 327.7304/09/091 $2 20
100  1    $a Schild, Georg.
245  10   $a Between ideology and realpolitik : $b Woodrow Wilson and the Russian Revolution, 1917-1921 / $c Georg Schild.
260       $a Westport, Conn. : $b Greenwood Press, $c 1995.
300       $a 173 p. ; $c 25 cm.
490  1    $a Contributions to the study of world history, $x 0885-9159 ; $v no. 51
500       $a SBXL: DELETE REC HAS NO INPUT 852; DO NOT REJECT
505  0    $a 1. War and Revolution -- 2. "Without Annexations and Contributions": Wilson, Lenin, and the War-Aims Question -- 3. The Decision to Intervene -- 4. Intervention and the Paris Peace Conference: Wilson's Russian Policy in 1919 -- 5. National Self-Determination Versus "Russia One and Indivisible" -- Conclusions: Between Ideology and Realpolitik.
651   0   $a United States $x Foreign relations $z Soviet Union.
651   0   $a Soviet Union $x Foreign relations $z United States.
651   0   $a Soviet Union $x History $y Revolution, 1917-1921 $x Diplomatic history.
600  10   $a Wilson, Woodrow, $d 1856-1924.
830   0   $a Contributions to the study of world history ; $v no. 51
901       $a SBXL $b 001812018

Record 4
