LDR  01215cam^a22002297a^4500
001  SBXL001812023
005  20020823110659.0
007  he|bmb   bbca
008  940713s1992    dcua    b    f100 0 eng d
035  9    $a (SBN)AJZ1031
040       $a CU-SB $c CU-SB
111  2    $a National Innovation Workshop for the New England Region $d (1991 : $c Portland, Me.)
245  10   $a Making invention pay : $h microform $b Portland, Maine, October 4-5, 1991.
260       $a [Washington, D.C.?] : $b Dept. of Energy, $c 1991.
300       $a 1 folded pamphlet : $b ill. ; $c 23 cm.
500       $a SBXL: OUTPUT OR DROP VARIOUS 852 SUBFIELDS
533       $a Microfiche. $b [Washington, D.C] : $c U.S. G.P.O. $d 1992. $e 1 microfiche : negative.
650   0   $a Inventions $z United States $x Congresses.
650   0   $a Technological innovations $z United States $x Congresses.
852       $a SBXL $b MUS $e Address1 $e Address2(R) $f CodedLocQualifier $f CodedLocQual2(R) $g NonCodedLQ1 $g NonCodedLQ2(R) $h QL666.O6 $i O7 $i ItemPart2(R) $k Prefix1 $k Prefix2(R) $l ShelvTitle $m Suffix1 $m Suffix2(R) $n Cntry $p PieceDesig1 $q PhysCond1 $s Copyright1 $s Copyright2(R) $t Copynum1 $x NonPub1 $x NonPub2(R) $z Pub1 $z Pub2(R) $3 Holdings1 $D CollDevDisplay $O ColDevCode
852       $a SBXL $b GPUSM $h E 1.89:0339 P $n us
901       $a SBXL $b 001812023

Record 7
